%% This BibTeX bibliography file was created using BibDesk.
%% https://bibdesk.sourceforge.io/

%% Created for Felix GÃ¼ndling at 2020-12-27 10:19:59 +0100 


%% Saved with string encoding Unicode (UTF-8) 



@book{rueter,
	Author = {R{\"u}ter, A and Schr{\"o}der, J. and G{\"o}ldner, A and Niebuhr, J},
	Date-Added = {2020-12-27 10:18:24 +0100},
	Date-Modified = {2020-12-27 10:19:58 +0100},
	Publisher = {Springer},
	Title = {IT-Governance in der Praxis},
	Year = {2010}}

@misc{scikit-license,
	Date-Added = {2020-12-16 15:35:54 +0100},
	Date-Modified = {2020-12-16 15:37:41 +0100},
	Howpublished = {Python Software Foundation},
	Title = {scikit-learn},
	Url = {https://pypi.org/project/scikit-learn/},
	Year = {Abgerufen am 16. Dezember 2020},
	Bdsk-Url-1 = {https://pypi.org/project/scikit-learn/}}

@misc{numpy-license,
	Date-Added = {2020-12-16 13:42:11 +0100},
	Date-Modified = {2020-12-16 13:43:12 +0100},
	Howpublished = {Python Software Foundation},
	Title = {numpy},
	Url = {https://pypi.org/project/numpy/},
	Year = {Abgerufen am 17. Dezember 2020},
	Bdsk-Url-1 = {https://pypi.org/project/numpy/}}

@misc{gensim-license,
	Date-Added = {2020-12-16 12:44:59 +0100},
	Date-Modified = {2020-12-16 13:45:38 +0100},
	Howpublished = {Python Software Foundation},
	Title = {gensim},
	Url = {https://pypi.org/project/gensim/},
	Year = {Abgerufen am 16. Dezember 2020},
	Bdsk-Url-1 = {https://pypi.org/project/gensim/}}

@misc{MIT,
	Date-Added = {2020-12-16 11:28:40 +0100},
	Date-Modified = {2020-12-16 11:31:41 +0100},
	Howpublished = {Open Source Initiative},
	Title = {The MIT License},
	Url = {https://opensource.org/licenses/MIT},
	Year = {Abgerufen am 16. Dezember 2020},
	Bdsk-Url-1 = {https://opensource.org/licenses/MIT}}

@misc{spacy-license,
	Author = {spacy.io},
	Date-Added = {2020-12-16 11:26:25 +0100},
	Date-Modified = {2020-12-16 15:37:30 +0100},
	Title = {English Available pretrained statistical models for English},
	Url = {https://spacy.io/models/en},
	Year = {Abgerufen am 16. Dezember 2020},
	Bdsk-Url-1 = {https://spacy.io/models/en}}

@book{samuel,
	Author = {Samuel, A. L.},
	Date-Added = {2020-12-14 09:23:58 +0100},
	Date-Modified = {2020-12-14 09:24:53 +0100},
	Publisher = {IBM Journal of research and development, 3(3), 210-229.},
	Title = {Some studies in machine learning using the game of checkers},
	Year = {1959}}

@misc{bert,
	Author = {huggingface},
	Date-Added = {2020-12-11 12:32:04 +0100},
	Date-Modified = {2020-12-11 12:32:59 +0100},
	Title = {Model: bert-base-uncased},
	Url = {https://huggingface.co/bert-base-uncased},
	Year = {03. Dezember 2020},
	Bdsk-Url-1 = {https://huggingface.co/bert-base-uncased}}

@book{Tang,
	Author = {Tang, Matthew and Gandhi, Priyanka and Kabir, Md Ahsanul},
	Date-Added = {2020-12-11 12:29:22 +0100},
	Date-Modified = {2020-12-11 12:30:14 +0100},
	Title = {Progress Notes Classification and Keyword Extraction using Attention based Deep Learning Models with BERT},
	Year = {2019}}

@misc{t5,
	Author = {huggingface},
	Date-Added = {2020-12-11 12:15:55 +0100},
	Date-Modified = {2020-12-11 12:16:31 +0100},
	Title = {Model: t5-small},
	Url = {https://huggingface.co/t5-small},
	Year = {Abgerufen am 30. Oktober 2020},
	Bdsk-Url-1 = {https://huggingface.co/t5-small}}

@misc{Longformer2,
	Author = {huggingface},
	Date-Added = {2020-12-11 12:14:33 +0100},
	Date-Modified = {2020-12-11 12:15:25 +0100},
	Title = {Longformer},
	Url = {https://huggingface.co/transformers/model_doc/longformer.html},
	Year = {Abgerufen am 28. Oktober 2020},
	Bdsk-Url-1 = {https://huggingface.co/transformers/model_doc/longformer.html}}

@book{Longformer,
	Author = {Beltagy, Iz and Peters, Matthew E. and Cohan, Arman},
	Date-Added = {2020-12-11 12:13:19 +0100},
	Date-Modified = {2020-12-11 12:13:56 +0100},
	Title = {Longformer: The Long-Document Transformer},
	Year = {2020}}

@misc{Transformers,
	Author = {huggingface},
	Date-Added = {2020-12-11 12:11:37 +0100},
	Date-Modified = {2020-12-11 12:12:27 +0100},
	Title = {Transformers},
	Url = {https://huggingface.co/transformers/},
	Year = {Abgerufen am 13. Oktober 2020},
	Bdsk-Url-1 = {https://huggingface.co/transformers/}}

@book{Raffel,
	Author = {Raffel, Colin and Shazeer, Noam and Roberts, Adam and al.},
	Date-Added = {2020-12-11 12:10:05 +0100},
	Date-Modified = {2020-12-11 12:10:58 +0100},
	Title = {Exploring the Limits of Transfer Learning with a Unified Text-to-Text Transformer},
	Year = {2020}}

@misc{scikit2,
	Author = {scikit-learn developers},
	Date-Added = {2020-12-11 11:56:23 +0100},
	Date-Modified = {2020-12-11 12:05:00 +0100},
	Title = {sklearn.metrics.f1-score},
	Url = {https://scikit-learn.org/stable/modules/generated/sklearn.metrics.f1_score.html},
	Year = {Abgerufen am 20. November 2020},
	Bdsk-Url-1 = {https://scikit-learn.org/stable/modules/generated/sklearn.metrics.f1_score.html}}

@misc{scikit1,
	Author = {Grisel, O. and Buitinck, L. and Yau, C.-K.},
	Date-Added = {2020-12-11 11:54:04 +0100},
	Date-Modified = {2020-12-11 11:56:17 +0100},
	Title = {Topic extraction with Non-negative Matrix Factorization and Latent Dirichlet Allocation},
	Url = {https://scikit-learn.org/0.18/auto_examples/applications/topics_extraction_with_nmf_lda.html},
	Year = {Abgerufen am 20. November 2020},
	Bdsk-Url-1 = {https://scikit-learn.org/0.18/auto_examples/applications/topics_extraction_with_nmf_lda.html}}

@book{dilawar,
	Author = {Dilawar, Noman and Majeed, Hammad and Beg, Mirza Omer and al.},
	Date-Added = {2020-12-11 11:49:33 +0100},
	Date-Modified = {2020-12-11 11:52:19 +0100},
	Publisher = {Applied Sciences 8(9):1589},
	Title = {Understanding Citizen Issues through Reviews: A Step towards Data Informed Planning in Smart Cities},
	Year = {2018}}

@book{t-SNE,
	Author = {van der Maaten, L. J. P. and Hinton, G. E.},
	Date-Added = {2020-12-11 11:45:04 +0100},
	Date-Modified = {2020-12-11 11:46:08 +0100},
	Publisher = {Journal of Machine Learning Research 9(Nov):2579-2605},
	Title = {Visualizing High-Dimensional Data Using t-SNE},
	Year = {2008}}

@book{Dai,
	Author = {Dai, Andrew M. and Olah, Christopher and Le, Quoc V.},
	Date-Added = {2020-12-11 11:40:24 +0100},
	Date-Modified = {2020-12-11 11:41:48 +0100},
	Title = {Document Embedding with Paragraph Vectors},
	Year = {2015}}

@misc{spacy3,
	Author = {spacy.io},
	Date-Added = {2020-12-11 11:38:29 +0100},
	Date-Modified = {2020-12-11 11:39:41 +0100},
	Title = {Doc (Class)},
	Url = {https://spacy.io/api/doc},
	Year = {Abgerufen am 01. September 2020},
	Bdsk-Url-1 = {https://spacy.io/api/doc}}

@misc{rehurek2,
	Author = {Radim {\v R}eh{\r u}{\v r}ek},
	Date-Added = {2020-12-11 11:35:43 +0100},
	Date-Modified = {2020-12-11 11:37:09 +0100},
	Title = {Word2Vec Model},
	Url = {https://radimrehurek.com/gensim/auto_examples/tutorials/run_word2vec.html#sphx-glr-auto-examples-tutorials-run-word2vec-py},
	Year = {Abgerufen am 08. Oktober 2020},
	Bdsk-Url-1 = {https://radimrehurek.com/gensim/auto_examples/tutorials/run_word2vec.html#sphx-glr-auto-examples-tutorials-run-word2vec-py}}

@book{Vogelsang,
	Author = {Vogelsang, A. and Winkler, J.},
	Date-Added = {2020-12-11 11:33:15 +0100},
	Date-Modified = {2020-12-11 11:35:21 +0100},
	Publisher = {2016 IEEE 24th International Requirements Engineering Conference Workshops (REW)},
	Title = {Automatic Classification of Requirements Based on Convolutional Neural Networks},
	Year = {2016}}

@misc{leanix2,
	Date-Added = {2020-12-11 11:30:58 +0100},
	Date-Modified = {2020-12-11 11:32:36 +0100},
	Howpublished = {LeanIX GmbH},
	Publisher = {LeanIX GmbH},
	Title = {Integration Architecture},
	Url = {https://docs.leanix.net/docs/integration-architecture},
	Year = {Abgerufen am 13. November 2020},
	Bdsk-Url-1 = {https://docs.leanix.net/docs/integration-architecture}}

@book{Dang,
	Author = {Dang, Hoa Trang},
	Date-Added = {2020-12-11 11:28:33 +0100},
	Date-Modified = {2020-12-11 11:29:02 +0100},
	Publisher = {Proceedings of the Document Understanding Conf. Wksp. 2005 (DUC 2005)},
	Title = {Overview of DUC 2005},
	Year = {2005}}

@book{Lin,
	Author = {Lin, Chin-Yew},
	Date-Added = {2020-12-11 11:25:12 +0100},
	Date-Modified = {2020-12-11 11:26:27 +0100},
	Publisher = {Proceedings of the Workshop on Text Summarization Branches Out (WAS 2004)},
	Title = {ROUGE: A Package for Automatic Evaluation of Summaries},
	Year = {2004}}

@book{luhn,
	Author = {Luhn, H. P.},
	Date-Added = {2020-12-11 11:23:26 +0100},
	Date-Modified = {2020-12-11 11:24:18 +0100},
	Publisher = {IBM Journal of Research and Development},
	Title = {The Automatic Creation of Literature Abstracts},
	Year = {1958}}

@book{allahyari,
	Author = {Allahyari, Mehdi and Pouriyeh, Seyedamin and Assefi, Mehdi and al.},
	Date-Added = {2020-12-11 11:19:49 +0100},
	Date-Modified = {2020-12-11 11:21:59 +0100},
	Title = {Text Summarization Techniques: A Brief Survey},
	Year = {2017}}

@book{softwareag,
	Author = {O'Connel, David},
	Date-Added = {2020-12-11 11:07:58 +0100},
	Date-Modified = {2020-12-11 11:10:05 +0100},
	Publisher = {Aite Group/ Software AG},
	Title = {Integrated Portfolio Management: Better Visibility, Easier Decisions, Lower Costs},
	Year = {2020}}

@book{leanix,
	Date-Added = {2020-12-11 11:05:11 +0100},
	Date-Modified = {2020-12-11 11:05:25 +0100},
	Publisher = {LeanIX GmbH},
	Title = {The Definitive Guide to Application Portfolio Management}}

@book{servicenow,
	Date-Added = {2020-12-11 11:00:37 +0100},
	Date-Modified = {2020-12-11 11:03:56 +0100},
	Publisher = {Datasheet. ServiceNow, Inc.},
	Title = {ServiceNow Application Portfolio Management},
	Year = {2020}}

@book{apm,
	Date-Added = {2020-12-11 10:57:53 +0100},
	Date-Modified = {2020-12-11 10:59:07 +0100},
	Publisher = {The Art of Service - Application Portfolio Management Publishing},
	Title = {Application Portfolio Management},
	Year = {2019}}

@book{schoder,
	Author = {Simon, Daniel and Fischbach, Kai and Schoder, Detlef},
	Date-Added = {2020-12-11 10:55:27 +0100},
	Date-Modified = {2020-12-11 10:56:46 +0100},
	Publisher = {Communications of the Association for Information Systems: Vol. 26 , Article 3},
	Title = {Application Portfolio Management - An Integrated Framework and a Software Tool Evaluation Approach},
	Year = {2010}}

@book{jung2,
	Author = {Jung, J{\"u}rgen},
	Date-Added = {2020-12-11 10:52:44 +0100},
	Date-Modified = {2020-12-11 10:54:13 +0100},
	Publisher = {2019 IEEE 23rd International Enterprise Distributed Object Computing Workshop (EDOCW)},
	Title = {Purpose of Enterprise Architecture Management: Investigating Tangible Benefits in the German Logistics Industry},
	Year = {2019}}

@book{Rao,
	Author = {Rao, Prakash C. and Reedy, Ann and Bellman, Beryl},
	Date-Added = {2020-12-11 10:49:32 +0100},
	Date-Modified = {2020-12-11 10:51:51 +0100},
	Publisher = {McGraw-Hill Education},
	Title = {Certified Enterprise Architect},
	Year = {2019}}

@misc{togaf,
	Date-Added = {2020-12-11 10:42:05 +0100},
	Date-Modified = {2020-12-16 16:14:32 +0100},
	Howpublished = {The Open Group},
	Title = {The TOGAF Standard 9.2},
	Url = {https://pubs.opengroup.org/architecture/togaf92-doc/arch/index.html},
	Year = {Abgerufen am 19. Dezember 2020},
	Bdsk-Url-1 = {https://pubs.opengroup.org/architecture/togaf92-doc/arch/index.html}}

@book{jung1,
	Author = {Jung, J{\"u}rgen and Schl{\"o}r, Rainer},
	Date-Added = {2020-12-11 10:32:20 +0100},
	Date-Modified = {2020-12-15 11:17:24 +0100},
	Publisher = {2018 IEEE 22nd International Enterprise Distributed Object Computing Workshop},
	Title = {Analysis Using the Business Support Matrix: Elaborating Potential for Improving Application Landscapes in Logistics},
	Year = {2018}}

@book{Bitkom,
	Author = {BITKOM},
	Date-Added = {2020-12-11 10:26:37 +0100},
	Date-Modified = {2020-12-11 10:28:51 +0100},
	Title = {Enterprise Architecture Management -- neue Disziplin f{\"u}r die ganzheitliche Unternehmensentwicklung},
	Year = {2011}}

@book{Gliedman,
	Author = {Gliedman, Chip},
	Date-Added = {2020-12-11 10:25:12 +0100},
	Date-Modified = {2020-12-11 10:26:06 +0100},
	Publisher = {Forrester Research},
	Title = {Defining IT Portfolio Management},
	Year = {2004}}

@book{gadatsch,
	Author = {Gadatsch, Andreas and Mayer, Elmar},
	Date-Added = {2020-12-11 10:23:35 +0100},
	Date-Modified = {2020-12-11 10:24:26 +0100},
	Publisher = {Springer Vieweg},
	Title = {Masterkurs IT-Controlling},
	Year = {2014}}

@book{frey,
	Author = {Frey, Thorsten},
	Date-Added = {2020-12-11 10:22:06 +0100},
	Date-Modified = {2020-12-11 10:22:53 +0100},
	Publisher = {Springer Gabler},
	Title = {Governance Arrangements for IT Project Portfolio Management},
	Year = {2014}}

@book{isaca2,
	Author = {ISACA},
	Date-Added = {2020-12-11 10:20:55 +0100},
	Date-Modified = {2020-12-11 10:21:19 +0100},
	Title = {COBIT 2019 Framework Introduction and Methodology},
	Year = {2018}}

@book{isaca1,
	Author = {ISACA},
	Date-Added = {2020-12-11 10:20:11 +0100},
	Date-Modified = {2020-12-11 10:20:51 +0100},
	Title = {COBIT 2019 Framework. Governance and Management Objectives},
	Year = {2018}}

@book{ncc,
	Author = {IMPACT},
	Date-Added = {2020-12-11 09:38:17 +0100},
	Date-Modified = {2020-12-11 09:47:29 +0100},
	Publisher = {The National Computing Centre},
	Title = {IT Governance. Developing a successful governance strategy. A Best Practice Guide for decision makers in IT},
	Year = {2005}}

@book{gaulke,
	Author = {Gaulke, Markus},
	Date-Added = {2020-12-11 09:35:45 +0100},
	Date-Modified = {2020-12-11 09:37:03 +0100},
	Publisher = {dpunkt.verlag},
	Title = {Praxiswissen COBIT. Grundlagen und praktische Anwendung in der Unternehmens-IT},
	Year = {2020}}

@book{reiss,
	Author = {Reiss, Manuela},
	Date-Added = {2020-12-11 09:33:57 +0100},
	Date-Modified = {2020-12-11 09:34:59 +0100},
	Publisher = {Springer Vieweg},
	Title = {Dokumentationsmanagement -- Basis f{\"u}r IT-Governance},
	Year = {2018}}

@book{Brown,
	Author = {Brown, Tom B. and Mann, Benjamin and Ryder, Nick and al.},
	Date-Added = {2020-12-11 09:24:51 +0100},
	Date-Modified = {2020-12-11 09:29:12 +0100},
	Title = {Language Models are Few-Shot Learners},
	Year = {2020}}

@book{devlin,
	Author = {Devlin, Jacob and Chang, Ming-Wei and Lee, Kenton and Toutanova, Kristina},
	Date-Added = {2020-12-11 09:18:32 +0100},
	Date-Modified = {2020-12-11 09:23:02 +0100},
	Title = {BERT: Pre-training of Deep Bidirectional Transformers for Language Understanding},
	Year = {2019}}

@book{Vaswani,
	Author = {Vaswani, Ashish and Shazeer, Noam and Parmar, Niki and Uszkoreit, Jakob and Jones, Llion and Gomez, Aidan N. and Kaiser, Lukasz and Polosukhin, Illia},
	Date-Added = {2020-12-10 18:26:18 +0100},
	Date-Modified = {2020-12-10 18:28:44 +0100},
	Title = {Attention Is All You Need},
	Year = {2017}}

@misc{spacy2,
	Author = {spacy.io},
	Date-Added = {2020-12-10 18:21:59 +0100},
	Date-Modified = {2020-12-10 18:23:19 +0100},
	Title = {Word Vectors and Semantic Similarity},
	Url = {https://spacy.io/usage/vectors-similarity},
	Year = {Abgerufen am 02. August 2020},
	Bdsk-Url-1 = {https://spacy.io/usage/vectors-similarity}}

@misc{rehurek,
	Author = {Radim {\v R}eh{\r u}{\v r}ek},
	Date-Added = {2020-12-10 18:18:51 +0100},
	Date-Modified = {2020-12-10 18:23:35 +0100},
	Title = {Doc2vec paragraph embeddings},
	Url = {https://radimrehurek.com/gensim/models/doc2vec.html},
	Year = {Abgerufen am 05. August 2020},
	Bdsk-Url-1 = {https://radimrehurek.com/gensim/models/doc2vec.html}}

@book{mikolov2014,
	Author = {Le, Quoc and Mikolov, Tomas},
	Date-Added = {2020-12-10 18:16:04 +0100},
	Date-Modified = {2020-12-10 18:17:20 +0100},
	Title = {Distributed Representations of Sentences and Documents},
	Year = {2014}}

@book{knime,
	Author = {Silipo, Rosaria and Tursi, Vincenzo},
	Date-Added = {2020-12-10 18:09:51 +0100},
	Date-Modified = {2020-12-10 18:13:08 +0100},
	Publisher = {KNIME Press},
	Title = {From Words to Wisdom},
	Year = {2018}}

@webpage{stanford,
	Author = {Pennington, Jeffrey and Socher, Richard and Manning, Christopher D.},
	Date-Added = {2020-12-10 18:04:36 +0100},
	Date-Modified = {2020-12-16 16:14:03 +0100},
	Title = {GloVe: Global Vectors for Word Representation},
	Url = {https://nlp.stanford.edu/projects/glove/},
	Year = {Abgerufen am 19. Dezember 2020},
	Bdsk-Url-1 = {https://nlp.stanford.edu/projects/glove/}}

@misc{facebook,
	Date-Added = {2020-12-10 17:58:33 +0100},
	Date-Modified = {2020-12-10 18:00:20 +0100},
	Howpublished = {Facebook Inc.},
	Title = {fastText. Library for efficient text classification and representation learning},
	Url = {https://fasttext.cc/},
	Year = {Abgerufen am 15. August 2020},
	Bdsk-Url-1 = {https://fasttext.cc/}}

@book{mikolov2013,
	Author = {Mikolov, Tomas and Chen, Kai and Corrado, Greg and Dean, Jeffrey},
	Date-Added = {2020-12-10 17:55:36 +0100},
	Date-Modified = {2020-12-10 18:16:00 +0100},
	Title = {Efficient Estimation of Word Representations in Vector Space},
	Year = {2013}}

@book{inmon,
	Author = {Inmon, Bill},
	Date-Added = {2020-12-10 17:46:51 +0100},
	Date-Modified = {2020-12-10 17:48:30 +0100},
	Publisher = {Technics Publications},
	Title = {Turning Text into Gold: Taxonomies and Textual Analytics},
	Year = {2016}}

@book{ontologies,
	Author = {Neches, Robert and Fikes, Richard and Finin, Tim and Gruber, Thomas and Patil, Ramesh and Senator, Ted and Swartout, William R.},
	Date-Added = {2020-12-10 17:41:54 +0100},
	Date-Modified = {2020-12-10 17:45:36 +0100},
	Publisher = {AI Magazine Volume 12 Number 3},
	Title = {Enabling Technology for Knowledge Sharing},
	Year = {1991}}

@misc{spacy,
	Author = {spacy.io},
	Date-Added = {2020-12-10 17:34:31 +0100},
	Date-Modified = {2020-12-10 17:40:01 +0100},
	Title = {Rule-based matching},
	Url = {https://spacy.io/usage/rule-based-matching},
	Year = {Abgerufen am 02. August 2020},
	Bdsk-Url-1 = {https://spacy.io/usage/rule-based-matching}}

@misc{kaggle,
	Author = {Mayo, Matthew},
	Date-Added = {2020-12-10 17:28:10 +0100},
	Date-Modified = {2020-12-10 17:33:43 +0100},
	Title = {The Main Approaches to Natural Language Processing Tasks},
	Url = {https://www.kdnuggets.com/2018/10/main-approaches-natural-language-processing-tasks.html.},
	Year = {Abgerufen am 20. Juli 2020},
	Bdsk-Url-1 = {https://www.kdnuggets.com/2018/10/main-approaches-natural-language-processing-tasks.html.}}

@book{Manning,
	Author = {Manning, Christopher D. and Raghavan, Prabhakar and Sch{\"u}tze, Hinrich},
	Date-Added = {2020-12-10 17:24:17 +0100},
	Date-Modified = {2020-12-10 17:26:32 +0100},
	Publisher = {Cambridge University Press},
	Title = {Introduction to Information Retrieval},
	Year = {2008}}

@book{Yampolskiy,
	Author = {Yampolskiy, Roman},
	Date-Added = {2020-12-10 17:14:52 +0100},
	Date-Modified = {2020-12-10 17:22:58 +0100},
	Publisher = {In: Yang X.-S. (Herausgeber). Artificial Intelligence, Evolutionary Computing and Metaheuristics. Studies in Computational Intelligence, vol 427. Springer},
	Title = {Turing Test as a Defining Feature of AI-Completeness},
	Year = {2013}}

@book{Perez,
	Author = {P{\'e}rez, Juan Miguel Cejula},
	Date-Added = {2020-12-10 17:10:41 +0100},
	Date-Modified = {2020-12-10 17:13:42 +0100},
	Publisher = {TU M{\"u}nchen (Dissertation)},
	School = {TU M{\"u}nchen},
	Title = {Augmenting Humans},
	Year = {2017}}

@book{Alom,
	Author = {Alom, M.Z. and Taha, T.M. and Yakopcic, C. and Westberg, S. and Sidike, P. and Nasrin, M.S. and Hasan, M. and Van Essen, B.C. and Awwal, A.A.S. and Asari, V.K.},
	Date-Added = {2020-12-10 17:06:58 +0100},
	Date-Modified = {2020-12-10 17:08:35 +0100},
	Publisher = {Electronics},
	Title = {A State-of-the-Art Survey on Deep Learning Theory and Architectures},
	Year = {2019}}

@book{LeCun,
	Author = {LeCun, Yann and Bottou, Leon and Bengio, Yoshua and Haner, Patrick},
	Date-Added = {2020-12-10 16:54:56 +0100},
	Date-Modified = {2020-12-10 16:57:06 +0100},
	Publisher = {Proceedings of the IEEE},
	Title = {Gradient-based learning applied to document recognition},
	Year = {1998}}

@book{Nielsen,
	Author = {Nielsen, Michael},
	Date-Added = {2020-12-10 16:52:46 +0100},
	Date-Modified = {2020-12-10 16:53:34 +0100},
	Publisher = {Determination Press},
	Title = {Neural Networks and Deep Learning},
	Year = {2015}}

@book{White,
	Author = {White, Lyndon and Togneri, Roberto and Liu, Wei and Bennamoun, Mohammed},
	Date-Added = {2020-12-10 16:49:00 +0100},
	Date-Modified = {2020-12-10 16:50:44 +0100},
	Publisher = {Springer},
	Title = {Neural Representations of Natural Language},
	Year = {2018}}

@book{Kelleher,
	Author = {Kelleher, John D.},
	Date-Added = {2020-12-10 16:46:07 +0100},
	Date-Modified = {2020-12-10 16:47:03 +0100},
	Publisher = {The MIT Press},
	Title = {Deep Learning},
	Year = {2019}}

@book{Anandarajan,
	Author = {Anandarajan, Murugan and Hill, Chelsey and Nolan, Thomas},
	Date-Added = {2020-12-10 16:38:06 +0100},
	Date-Modified = {2020-12-10 16:40:19 +0100},
	Publisher = {Springer},
	Title = {Practical Text Analytics: Maximizing the Value of Text Data},
	Year = {2019}}

@book{Avison,
	Author = {Avison, David and Lau, Francis and Myers, Michael and Nielsen, Peter Axel},
	Date-Added = {2020-12-10 16:29:22 +0100},
	Date-Modified = {2020-12-10 16:32:47 +0100},
	Publisher = {Communications of the ACM},
	Title = {Action Research},
	Year = {1999}}

@book{Ertel,
	Author = {Ertel, W.},
	Date-Added = {2020-12-10 16:25:55 +0100},
	Date-Modified = {2020-12-10 16:26:38 +0100},
	Publisher = {Springer},
	Title = {Introduction to Artificial Intelligence},
	Year = {2017}}

@book{Gupta,
	Author = {Vajjala, Sowmya and Majumder, Bodhisattwa and Gupta, Anuj and Surana, Harshit},
	Date-Added = {2020-12-10 16:13:05 +0100},
	Date-Modified = {2020-12-10 16:51:13 +0100},
	Publisher = {O'Reilly},
	Title = {Practical Natural Language Processing},
	Year = {2019}}

@misc{Statista,
	Author = {Statista},
	Date-Added = {2020-12-09 16:50:35 +0100},
	Date-Modified = {2020-12-09 17:15:24 +0100},
	Lastchecked = {20/07/2020},
	Title = {Statista-Expertenbefragung BVL \& Statista Logistikmonitor 2018},
	Url = {https://de.statista.com/prognosen/943357/expertenbefragung-zur-kuenstlichen-intelligenz-in-der-logistikbranche},
	Year = {Abgerufen am 20. Juli 2020},
	Bdsk-Url-1 = {https://de.statista.com/prognosen/943357/expertenbefragung-zur-kuenstlichen-intelligenz-in-der-logistikbranche}}

@book{Geron,
	Author = {G{\'e}ron, Aur{\'e}lien},
	Date-Added = {2020-12-09 15:47:47 +0100},
	Date-Modified = {2020-12-10 16:51:06 +0100},
	Publisher = {O'Reilly},
	Title = {Hands-On Machine Learning with Scikit-Learn, Keras \& Tensorflow},
	Year = {2019}}
